@book{DBLP:books/daglib/0090259,
  author    = {Thomas Jech},
  title     = {Set theory, Second Edition},
  series    = {Perspectives in Mathematical Logic},
  publisher = {Springer},
  year      = {1997},
  isbn      = {978-3-540-63048-7},
  timestamp = {Mon, 09 May 2011 13:00:48 +0200},
  biburl    = {https://dblp.org/rec/books/daglib/0090259.bib},
  bibsource = {dblp computer science bibliography, https://dblp.org}
}
@book{ganesh2006introduction,
  title={Introduction to fuzzy sets and fuzzy logic},
  author={Ganesh, M.},
  year={2006},
  publisher={PHI Learning Pvt. Ltd.}
}
@book{givant2008introduction,
  title={Introduction to {Boolean} algebras},
  author={Givant, Steven and Halmos, Paul R.},
  year={2008},
  publisher={Springer Science \& Business Media}
}
@article{halmos1954polyadic,
  title={Polyadic {Boolean} algebras},
  author={Halmos, Paul R.},
  journal={Proceedings of the National Academy of Sciences of the United States of America},
  volume={40},
  number={5},
  pages={296},
  year={1954},
  publisher={National Academy of Sciences}
}
@book{halmos2016algebraic,
  title={Algebraic logic},
  author={Halmos, Paul R.},
  year={2016},
  publisher={Courier Dover Publications}
}
@article{gaifman1964concerning,
  title={Concerning measures on {Boolean} algebras},
  author={Gaifman, Haim},
  journal={Pacific Journal of Mathematics},
  volume={14},
  number={1},
  pages={61--73},
  year={1964},
  publisher={Pacific Journal of Mathematics}
}
@book{levasseur2012applied,
  title={Applied Discrete Structures},
  author={Levasseur, Ken and Doerr, Al},
  year={2012},
  publisher={Lulu.com}
}
@inproceedings{DBLP:conf/ijcai/RaedtKT07,
  author    = {Luc De Raedt and
               Angelika Kimmig and
               Hannu Toivonen},
  title     = {{ProbLog}: {A} Probabilistic {Prolog} and Its Application in Link Discovery},
  booktitle = {{IJCAI} 2007, Proceedings of the 20th International Joint Conference
               on Artificial Intelligence, Hyderabad, India, January 6-12, 2007},
  pages     = {2462--2467},
  year      = {2007},
  crossref  = {DBLP:conf/ijcai/2007},
  url       = {http://ijcai.org/Proceedings/07/Papers/396.pdf},
  timestamp = {Tue, 20 Aug 2019 16:18:51 +0200},
  biburl    = {https://dblp.org/rec/conf/ijcai/RaedtKT07.bib},
  bibsource = {dblp computer science bibliography, https://dblp.org}
}
@proceedings{DBLP:conf/ijcai/2007,
  editor    = {Manuela M. Veloso},
  title     = {{IJCAI} 2007, Proceedings of the 20th International Joint Conference
               on Artificial Intelligence, Hyderabad, India, January 6-12, 2007},
  year      = {2007},
  url       = {http://ijcai.org/proceedings/2007},
  timestamp = {Tue, 20 Aug 2019 16:17:11 +0200},
  biburl    = {https://dblp.org/rec/conf/ijcai/2007.bib},
  bibsource = {dblp computer science bibliography, https://dblp.org}
}
@article{DBLP:journals/ai/ChaviraD08,
  author    = {Mark Chavira and
               Adnan Darwiche},
  title     = {On probabilistic inference by weighted model counting},
  journal   = {Artif. Intell.},
  volume    = {172},
  number    = {6-7},
  pages     = {772--799},
  year      = {2008},
  url       = {https://doi.org/10.1016/j.artint.2007.11.002},
  doi       = {10.1016/j.artint.2007.11.002},
  timestamp = {Sat, 27 May 2017 14:24:42 +0200},
  biburl    = {https://dblp.org/rec/journals/ai/ChaviraD08.bib},
  bibsource = {dblp computer science bibliography, https://dblp.org}
}
@inproceedings{DBLP:conf/kr/Darwiche02,
  author    = {Adnan Darwiche},
  title     = {A Logical Approach to Factoring Belief Networks},
  booktitle = {Proceedings of the Eights International Conference on Principles and
               Knowledge Representation and Reasoning (KR-02), Toulouse, France,
               April 22-25, 2002},
  pages     = {409--420},
  year      = {2002},
  crossref  = {DBLP:conf/kr/2002},
  timestamp = {Tue, 22 Jul 2003 15:20:23 +0200},
  biburl    = {https://dblp.org/rec/conf/kr/Darwiche02.bib},
  bibsource = {dblp computer science bibliography, https://dblp.org}
}
@proceedings{DBLP:conf/kr/2002,
  editor    = {Dieter Fensel and
               Fausto Giunchiglia and
               Deborah L. McGuinness and
               Mary{-}Anne Williams},
  title     = {Proceedings of the Eights International Conference on Principles and
               Knowledge Representation and Reasoning (KR-02), Toulouse, France,
               April 22-25, 2002},
  publisher = {Morgan Kaufmann},
  year      = {2002},
  isbn      = {1-55860-554-1},
  timestamp = {Tue, 22 Jul 2003 15:20:23 +0200},
  biburl    = {https://dblp.org/rec/conf/kr/2002.bib},
  bibsource = {dblp computer science bibliography, https://dblp.org}
}
@inproceedings{sang2005solving,
  title={Solving {Bayesian} networks by weighted model counting},
  author={Sang, Tian and Beame, Paul and Kautz, Henry},
  booktitle={Proceedings of the Twentieth National Conference on Artificial Intelligence (AAAI-05)},
  volume={1},
  pages={475--482},
  year={2005},
  organization={AAAI Press}
}
@article{DBLP:journals/ndjfl/Hailperin84,
  author    = {Theodore Hailperin},
  title     = {Probability logic},
  journal   = {Notre Dame Journal of Formal Logic},
  volume    = {25},
  number    = {3},
  pages     = {198--212},
  year      = {1984},
  url       = {https://doi.org/10.1305/ndjfl/1093870625},
  doi       = {10.1305/ndjfl/1093870625},
  timestamp = {Thu, 18 May 2017 09:51:34 +0200},
  biburl    = {https://dblp.org/rec/journals/ndjfl/Hailperin84.bib},
  bibsource = {dblp computer science bibliography, https://dblp.org}
}
@article{DBLP:journals/ai/Nilsson86,
  author    = {Nils J. Nilsson},
  title     = {Probabilistic Logic},
  journal   = {Artif. Intell.},
  volume    = {28},
  number    = {1},
  pages     = {71--87},
  year      = {1986},
  url       = {https://doi.org/10.1016/0004-3702(86)90031-7},
  doi       = {10.1016/0004-3702(86)90031-7},
  timestamp = {Sat, 27 May 2017 14:24:41 +0200},
  biburl    = {https://dblp.org/rec/journals/ai/Nilsson86.bib},
  bibsource = {dblp computer science bibliography, https://dblp.org}
}
@article{DBLP:journals/corr/BelleR16,
  author    = {Vaishak Belle and
               Luc De Raedt},
  title     = {Semiring Programming: {A} Framework for Search, Inference and Learning},
  journal   = {CoRR},
  volume    = {abs/1609.06954},
  year      = {2016},
  url       = {http://arxiv.org/abs/1609.06954},
  archivePrefix = {arXiv},
  eprint    = {1609.06954},
  timestamp = {Mon, 13 Aug 2018 16:46:23 +0200},
  biburl    = {https://dblp.org/rec/journals/corr/BelleR16.bib},
  bibsource = {dblp computer science bibliography, https://dblp.org}
}
@inproceedings{DBLP:conf/uai/Belle17,
  author    = {Vaishak Belle},
  title     = {Weighted Model Counting With Function Symbols},
  booktitle = {Proceedings of the Thirty-Third Conference on Uncertainty in Artificial
               Intelligence, {UAI} 2017, Sydney, Australia, August 11-15, 2017},
  year      = {2017},
  crossref  = {DBLP:conf/uai/2017},
  url       = {http://auai.org/uai2017/proceedings/papers/132.pdf},
  timestamp = {Thu, 12 Mar 2020 11:31:10 +0100},
  biburl    = {https://dblp.org/rec/conf/uai/Belle17.bib},
  bibsource = {dblp computer science bibliography, https://dblp.org}
}
@proceedings{DBLP:conf/uai/2017,
  editor    = {Gal Elidan and
               Kristian Kersting and
               Alexander T. Ihler},
  title     = {Proceedings of the Thirty-Third Conference on Uncertainty in Artificial
               Intelligence, {UAI} 2017, Sydney, Australia, August 11-15, 2017},
  publisher = {{AUAI} Press},
  year      = {2017},
  url       = {http://www.auai.org/uai2017/media/Booklet.pdf},
  timestamp = {Thu, 12 Mar 2020 11:31:10 +0100},
  biburl    = {https://dblp.org/rec/conf/uai/2017.bib},
  bibsource = {dblp computer science bibliography, https://dblp.org}
}
@inproceedings{DBLP:conf/ijcai/BellePB15,
  author    = {Vaishak Belle and
               Andrea Passerini and
               Guy Van den Broeck},
  title     = {Probabilistic Inference in Hybrid Domains by Weighted Model Integration},
  booktitle = {Proceedings of the Twenty-Fourth International Joint Conference on
               Artificial Intelligence, {IJCAI} 2015, Buenos Aires, Argentina, July
               25-31, 2015},
  pages     = {2770--2776},
  year      = {2015},
  crossref  = {DBLP:conf/ijcai/2015},
  url       = {http://ijcai.org/Abstract/15/392},
  timestamp = {Tue, 20 Aug 2019 16:17:58 +0200},
  biburl    = {https://dblp.org/rec/conf/ijcai/BellePB15.bib},
  bibsource = {dblp computer science bibliography, https://dblp.org}
}
@proceedings{DBLP:conf/ijcai/2015,
  editor    = {Qiang Yang and
               Michael J. Wooldridge},
  title     = {Proceedings of the Twenty-Fourth International Joint Conference on
               Artificial Intelligence, {IJCAI} 2015, Buenos Aires, Argentina, July
               25-31, 2015},
  publisher = {{AAAI} Press},
  year      = {2015},
  url       = {http://ijcai.org/proceedings/2015},
  isbn      = {978-1-57735-738-4},
  timestamp = {Tue, 20 Aug 2019 16:16:43 +0200},
  biburl    = {https://dblp.org/rec/conf/ijcai/2015.bib},
  bibsource = {dblp computer science bibliography, https://dblp.org}
}
@article{DBLP:journals/soco/CastineiraCT02,
  author    = {Elena Casti{\~{n}}eira and
               Susana Cubillo and
               Enric Trillas},
  title     = {On possibility and probability measures in finite {Boolean} algebras},
  journal   = {Soft Comput.},
  volume    = {7},
  number    = {2},
  pages     = {89--96},
  year      = {2002},
  url       = {https://doi.org/10.1007/s00500-002-0176-8},
  doi       = {10.1007/s00500-002-0176-8},
  timestamp = {Sat, 20 May 2017 00:25:39 +0200},
  biburl    = {https://dblp.org/rec/journals/soco/CastineiraCT02.bib},
  bibsource = {dblp computer science bibliography, https://dblp.org}
}
@article{gaifman1964concerning,
  title={Concerning measures on {Boolean} algebras.},
  author={Gaifman, Haim and others},
  journal={Pacific Journal of Mathematics},
  volume={14},
  number={1},
  pages={61--73},
  year={1964},
  publisher={Pacific Journal of Mathematics}
}
@article{horn1948measures,
  title={Measures in {Boolean} algebras},
  author={Horn, Alfred and Tarski, Alfred},
  journal={Transactions of the American Mathematical Society},
  volume={64},
  number={3},
  pages={467--497},
  year={1948},
  publisher={JSTOR}
}
@article{jech2017measures,
  title={Measures on {Boolean} algebras},
  author={Jech, Thomas},
  journal={arXiv preprint arXiv:1705.01006},
  year={2017}
}
@article{krauss1968representation,
  title={Representation of conditional probability measures on {Boolean} algebras},
  author={Krauss, Peter H.},
  journal={Acta Mathematica Hungarica},
  volume={19},
  number={3-4},
  pages={229--241},
  year={1968},
  publisher={Akad{\'e}miai Kiad{\'o}, co-published with Springer Science+ Business Media BV~…}
}