@inproceedings{DBLP:conf/ecai/KwisthoutBG10,
  author    = {Johan Kwisthout and
               Hans L. Bodlaender and
               Linda C. van der Gaag},
  title     = {The Necessity of Bounded Treewidth for Efficient Inference in {Bayesian}
               Networks},
  booktitle = {{ECAI} 2010 - 19th European Conference on Artificial Intelligence,
               Lisbon, Portugal, August 16-20, 2010, Proceedings},
  pages     = {237--242},
  year      = {2010},
  crossref  = {DBLP:conf/ecai/2010},
  url       = {http://www.booksonline.iospress.nl/Content/View.aspx?piid=17749},
  timestamp = {Fri, 26 Apr 2019 14:26:43 +0200},
  biburl    = {https://dblp.org/rec/conf/ecai/KwisthoutBG10.bib},
  bibsource = {dblp computer science bibliography, https://dblp.org}
}
@proceedings{DBLP:conf/ecai/2010,
  editor    = {Helder Coelho and
               Rudi Studer and
               Michael J. Wooldridge},
  title     = {{ECAI} 2010 - 19th European Conference on Artificial Intelligence,
               Lisbon, Portugal, August 16-20, 2010, Proceedings},
  series    = {Frontiers in Artificial Intelligence and Applications},
  volume    = {215},
  publisher = {{IOS} Press},
  year      = {2010},
  url       = {http://www.booksonline.iospress.nl/Content/View.aspx?piid=17702},
  isbn      = {978-1-60750-605-8},
  timestamp = {Tue, 05 Jan 2021 20:03:47 +0100},
  biburl    = {https://dblp.org/rec/conf/ecai/2010.bib},
  bibsource = {dblp computer science bibliography, https://dblp.org}
}
@inproceedings{DBLP:conf/cp/DudekPV20,
  author    = {Jeffrey M. Dudek and
               Vu H. N. Phan and
               Moshe Y. Vardi},
  title     = {{DPMC:} Weighted Model Counting by Dynamic Programming on Project-Join
               Trees},
  booktitle = {Principles and Practice of Constraint Programming - 26th International
               Conference, {CP} 2020, Louvain-la-Neuve, Belgium, September 7-11,
               2020, Proceedings},
  pages     = {211--230},
  year      = {2020},
  crossref  = {DBLP:conf/cp/2020},
  url       = {https://doi.org/10.1007/978-3-030-58475-7\_13},
  doi       = {10.1007/978-3-030-58475-7\_13},
  timestamp = {Tue, 08 Sep 2020 19:28:09 +0200},
  biburl    = {https://dblp.org/rec/conf/cp/DudekPV20.bib},
  bibsource = {dblp computer science bibliography, https://dblp.org}
}
@proceedings{DBLP:conf/cp/2020,
  editor    = {Helmut Simonis},
  title     = {Principles and Practice of Constraint Programming - 26th International
               Conference, {CP} 2020, Louvain-la-Neuve, Belgium, September 7-11,
               2020, Proceedings},
  series    = {Lecture Notes in Computer Science},
  volume    = {12333},
  publisher = {Springer},
  year      = {2020},
  url       = {https://doi.org/10.1007/978-3-030-58475-7},
  doi       = {10.1007/978-3-030-58475-7},
  isbn      = {978-3-030-58474-0},
  timestamp = {Tue, 05 Jan 2021 20:08:51 +0100},
  biburl    = {https://dblp.org/rec/conf/cp/2020.bib},
  bibsource = {dblp computer science bibliography, https://dblp.org}
}
@article{DBLP:journals/tc/Bryant86,
  author    = {Randal E. Bryant},
  title     = {Graph-Based Algorithms for Boolean Function Manipulation},
  journal   = {{IEEE} Trans. Computers},
  volume    = {35},
  number    = {8},
  pages     = {677--691},
  year      = {1986},
  url       = {https://doi.org/10.1109/TC.1986.1676819},
  doi       = {10.1109/TC.1986.1676819},
  timestamp = {Wed, 14 Nov 2018 10:48:32 +0100},
  biburl    = {https://dblp.org/rec/journals/tc/Bryant86.bib},
  bibsource = {dblp computer science bibliography, https://dblp.org}
}
@inproceedings{DBLP:conf/ecsqaru/ChoiKD13,
  author    = {Arthur Choi and
               Doga Kisa and
               Adnan Darwiche},
  title     = {Compiling Probabilistic Graphical Models Using Sentential Decision
               Diagrams},
  booktitle = {Symbolic and Quantitative Approaches to Reasoning with Uncertainty
               - 12th European Conference, {ECSQARU} 2013, Utrecht, The Netherlands,
               July 8-10, 2013. Proceedings},
  pages     = {121--132},
  year      = {2013},
  crossref  = {DBLP:conf/ecsqaru/2013},
  url       = {https://doi.org/10.1007/978-3-642-39091-3\_11},
  doi       = {10.1007/978-3-642-39091-3\_11},
  timestamp = {Tue, 14 May 2019 10:00:54 +0200},
  biburl    = {https://dblp.org/rec/conf/ecsqaru/ChoiKD13.bib},
  bibsource = {dblp computer science bibliography, https://dblp.org}
}
@proceedings{DBLP:conf/ecsqaru/2013,
  editor    = {Linda C. van der Gaag},
  title     = {Symbolic and Quantitative Approaches to Reasoning with Uncertainty
               - 12th European Conference, {ECSQARU} 2013, Utrecht, The Netherlands,
               July 8-10, 2013. Proceedings},
  series    = {Lecture Notes in Computer Science},
  volume    = {7958},
  publisher = {Springer},
  year      = {2013},
  url       = {https://doi.org/10.1007/978-3-642-39091-3},
  doi       = {10.1007/978-3-642-39091-3},
  isbn      = {978-3-642-39090-6},
  timestamp = {Thu, 11 Feb 2021 09:56:38 +0100},
  biburl    = {https://dblp.org/rec/conf/ecsqaru/2013.bib},
  bibsource = {dblp computer science bibliography, https://dblp.org}
}
@article{DBLP:journals/jct/RobertsonS84,
  author    = {Neil Robertson and
               Paul D. Seymour},
  title     = {Graph minors. {III.} Planar tree-width},
  journal   = {J. Comb. Theory, Ser. {B}},
  volume    = {36},
  number    = {1},
  pages     = {49--64},
  year      = {1984},
  url       = {https://doi.org/10.1016/0095-8956(84)90013-3},
  doi       = {10.1016/0095-8956(84)90013-3},
  timestamp = {Wed, 14 Nov 2018 10:50:08 +0100},
  biburl    = {https://dblp.org/rec/journals/jct/RobertsonS84.bib},
  bibsource = {dblp computer science bibliography, https://dblp.org}
}
@inproceedings{DBLP:conf/aaai/DudekPV20,
  author    = {Jeffrey M. Dudek and
               Vu Phan and
               Moshe Y. Vardi},
  title     = {{ADDMC:} Weighted Model Counting with Algebraic Decision Diagrams},
  booktitle = {The Thirty-Fourth {AAAI} Conference on Artificial Intelligence, {AAAI}
               2020, The Thirty-Second Innovative Applications of Artificial Intelligence
               Conference, {IAAI} 2020, The Tenth {AAAI} Symposium on Educational
               Advances in Artificial Intelligence, {EAAI} 2020, New York, NY, USA,
               February 7-12, 2020},
  pages     = {1468--1476},
  year      = {2020},
  crossref  = {DBLP:conf/aaai/2020},
  url       = {https://aaai.org/ojs/index.php/AAAI/article/view/5505},
  timestamp = {Tue, 02 Feb 2021 08:00:10 +0100},
  biburl    = {https://dblp.org/rec/conf/aaai/DudekPV20.bib},
  bibsource = {dblp computer science bibliography, https://dblp.org}
}
@proceedings{DBLP:conf/aaai/2020,
  title     = {The Thirty-Fourth {AAAI} Conference on Artificial Intelligence, {AAAI}
               2020, The Thirty-Second Innovative Applications of Artificial Intelligence
               Conference, {IAAI} 2020, The Tenth {AAAI} Symposium on Educational
               Advances in Artificial Intelligence, {EAAI} 2020, New York, NY, USA,
               February 7-12, 2020},
  publisher = {{AAAI} Press},
  year      = {2020},
  url       = {https://www.aaai.org/Library/AAAI/aaai20contents.php},
  isbn      = {978-1-57735-823-7},
  timestamp = {Thu, 11 Feb 2021 18:57:28 +0100},
  biburl    = {https://dblp.org/rec/conf/aaai/2020.bib},
  bibsource = {dblp computer science bibliography, https://dblp.org}
}
@article{somenzi1998cudd,
  title={{CUDD}: {CU} decision diagram package release 3.0.0},
  author={Somenzi, Fabio},
  journal={University of Colorado at Boulder},
  year={2015}
}
