@article{DBLP:journals/ai/ChaviraD08,
  author    = {Mark Chavira and
               Adnan Darwiche},
  title     = {On probabilistic inference by weighted model counting},
  journal   = {Artif. Intell.},
  volume    = {172},
  number    = {6-7},
  pages     = {772--799},
  year      = {2008},
  doi       = {10.1016/j.artint.2007.11.002},
  timestamp = {Sat, 27 May 2017 14:24:42 +0200},
  biburl    = {https://dblp.org/rec/journals/ai/ChaviraD08.bib},
  bibsource = {dblp computer science bibliography, https://dblp.org}
}
@inproceedings{DBLP:conf/kr/Darwiche02,
  author    = {Adnan Darwiche},
  title     = {A Logical Approach to Factoring Belief Networks},
  booktitle = {Proceedings of the Eights International Conference on Principles and
               Knowledge Representation and Reasoning (KR-02), Toulouse, France,
               April 22-25, 2002},
  pages     = {409--420},
  year      = {2002},
  crossref  = {DBLP:conf/kr/2002},
  timestamp = {Tue, 22 Jul 2003 15:20:23 +0200},
  biburl    = {https://dblp.org/rec/conf/kr/Darwiche02.bib},
  bibsource = {dblp computer science bibliography, https://dblp.org}
}
@proceedings{DBLP:conf/kr/2002,
  editor    = {Dieter Fensel and
               Fausto Giunchiglia and
               Deborah L. McGuinness and
               Mary{-}Anne Williams},
  title     = {Proceedings of the Eights International Conference on Principles and
               Knowledge Representation and Reasoning (KR-02), Toulouse, France,
               April 22-25, 2002},
  publisher = {Morgan Kaufmann},
  year      = {2002},
  isbn      = {1-55860-554-1},
  timestamp = {Tue, 22 Jul 2003 15:20:23 +0200},
  biburl    = {https://dblp.org/rec/conf/kr/2002.bib},
  bibsource = {dblp computer science bibliography, https://dblp.org}
}
@inproceedings{DBLP:conf/aaai/SangBK05,
  author    = {Tian Sang and
               Paul Beame and
               Henry A. Kautz},
  title     = {Performing {Bayesian} Inference by Weighted Model Counting},
  booktitle = {Proceedings, The Twentieth National Conference on Artificial Intelligence
               and the Seventeenth Innovative Applications of Artificial Intelligence
               Conference, July 9-13, 2005, Pittsburgh, Pennsylvania, {USA}},
  pages     = {475--482},
  year      = {2005},
  crossref  = {DBLP:conf/aaai/2005},
  url       = {http://www.aaai.org/Library/AAAI/2005/aaai05-075.php},
  timestamp = {Mon, 10 Dec 2012 15:34:42 +0100},
  biburl    = {https://dblp.org/rec/conf/aaai/SangBK05.bib},
  bibsource = {dblp computer science bibliography, https://dblp.org}
}
@proceedings{DBLP:conf/aaai/2005,
  editor    = {Manuela M. Veloso and
               Subbarao Kambhampati},
  title     = {Proceedings, The Twentieth National Conference on Artificial Intelligence
               and the Seventeenth Innovative Applications of Artificial Intelligence
               Conference, July 9-13, 2005, Pittsburgh, Pennsylvania, {USA}},
  publisher = {{AAAI} Press / The {MIT} Press},
  year      = {2005},
  isbn      = {1-57735-236-X},
  timestamp = {Mon, 26 Feb 2007 09:10:53 +0100},
  biburl    = {https://dblp.org/rec/conf/aaai/2005.bib},
  bibsource = {dblp computer science bibliography, https://dblp.org}
}
@inproceedings{DBLP:conf/aaai/DudekPV20,
  author    = {Jeffrey M. Dudek and
               Vu Phan and
               Moshe Y. Vardi},
  title     = {{ADDMC:} Weighted Model Counting with Algebraic Decision Diagrams},
  booktitle = {The Thirty-Fourth {AAAI} Conference on Artificial Intelligence, {AAAI}
               2020, The Thirty-Second Innovative Applications of Artificial Intelligence
               Conference, {IAAI} 2020, The Tenth {AAAI} Symposium on Educational
               Advances in Artificial Intelligence, {EAAI} 2020, New York, NY, USA,
               February 7-12, 2020},
  pages     = {1468--1476},
  year      = {2020},
  crossref  = {DBLP:conf/aaai/2020},
  url       = {https://aaai.org/ojs/index.php/AAAI/article/view/5505},
  timestamp = {Fri, 05 Jun 2020 10:29:48 +0200},
  biburl    = {https://dblp.org/rec/conf/aaai/DudekPV20.bib},
  bibsource = {dblp computer science bibliography, https://dblp.org}
}
@proceedings{DBLP:conf/aaai/2020,
  title     = {The Thirty-Fourth {AAAI} Conference on Artificial Intelligence, {AAAI}
               2020, The Thirty-Second Innovative Applications of Artificial Intelligence
               Conference, {IAAI} 2020, The Tenth {AAAI} Symposium on Educational
               Advances in Artificial Intelligence, {EAAI} 2020, New York, NY, USA,
               February 7-12, 2020},
  publisher = {{AAAI} Press},
  year      = {2020},
  url       = {https://www.aaai.org/Library/AAAI/aaai20contents.php},
  isbn      = {978-1-57735-823-7},
  timestamp = {Tue, 02 Jun 2020 19:40:28 +0200},
  biburl    = {https://dblp.org/rec/conf/aaai/2020.bib},
  bibsource = {dblp computer science bibliography, https://dblp.org}
}
@inproceedings{DBLP:conf/sat/SangBBKP04,
  author    = {Tian Sang and
               Fahiem Bacchus and
               Paul Beame and
               Henry A. Kautz and
               Toniann Pitassi},
  title     = {Combining Component Caching and Clause Learning for Effective Model
               Counting},
  booktitle = {{SAT} 2004 - The Seventh International Conference on Theory and Applications
               of Satisfiability Testing, 10-13 May 2004, Vancouver, BC, Canada,
               Online Proceedings},
  year      = {2004},
  crossref  = {DBLP:conf/sat/2004},
  url       = {http://www.satisfiability.org/SAT04/programme/21.pdf},
  timestamp = {Thu, 12 Mar 2020 11:37:14 +0100},
  biburl    = {https://dblp.org/rec/conf/sat/SangBBKP04.bib},
  bibsource = {dblp computer science bibliography, https://dblp.org}
}
@proceedings{DBLP:conf/sat/2004,
  title     = {{SAT} 2004 - The Seventh International Conference on Theory and Applications
               of Satisfiability Testing, 10-13 May 2004, Vancouver, BC, Canada,
               Online Proceedings},
  year      = {2004},
  timestamp = {Mon, 06 Jun 2005 13:58:12 +0200},
  biburl    = {https://dblp.org/rec/conf/sat/2004.bib},
  bibsource = {dblp computer science bibliography, https://dblp.org}
}
@inproceedings{DBLP:conf/ijcai/ChaviraD05,
  author    = {Mark Chavira and
               Adnan Darwiche},
  title     = {Compiling {Bayesian} Networks with Local Structure},
  booktitle = {IJCAI-05, Proceedings of the Nineteenth International Joint Conference
               on Artificial Intelligence, Edinburgh, Scotland, UK, July 30 - August
               5, 2005},
  pages     = {1306--1312},
  year      = {2005},
  crossref  = {DBLP:conf/ijcai/2005},
  url       = {http://ijcai.org/Proceedings/05/Papers/0931.pdf},
  timestamp = {Tue, 20 Aug 2019 16:17:00 +0200},
  biburl    = {https://dblp.org/rec/conf/ijcai/ChaviraD05.bib},
  bibsource = {dblp computer science bibliography, https://dblp.org}
}
@proceedings{DBLP:conf/ijcai/2005,
  editor    = {Leslie Pack Kaelbling and
               Alessandro Saffiotti},
  title     = {IJCAI-05, Proceedings of the Nineteenth International Joint Conference
               on Artificial Intelligence, Edinburgh, Scotland, UK, July 30 - August
               5, 2005},
  publisher = {Professional Book Center},
  year      = {2005},
  url       = {http://ijcai.org/proceedings/2005},
  isbn      = {0938075934},
  timestamp = {Tue, 20 Aug 2019 16:16:29 +0200},
  biburl    = {https://dblp.org/rec/conf/ijcai/2005.bib},
  bibsource = {dblp computer science bibliography, https://dblp.org}
}
@inproceedings{DBLP:conf/sat/ChaviraD06,
  author    = {Mark Chavira and
               Adnan Darwiche},
  title     = {Encoding {CNFs} to Empower Component Analysis},
  booktitle = {Theory and Applications of Satisfiability Testing - {SAT} 2006, 9th
               International Conference, Seattle, WA, USA, August 12-15, 2006, Proceedings},
  pages     = {61--74},
  year      = {2006},
  crossref  = {DBLP:conf/sat/2006},
  doi       = {10.1007/11814948_9},
  timestamp = {Tue, 14 May 2019 10:00:41 +0200},
  biburl    = {https://dblp.org/rec/conf/sat/ChaviraD06.bib},
  bibsource = {dblp computer science bibliography, https://dblp.org}
}
@proceedings{DBLP:conf/sat/2006,
  editor    = {Armin Biere and
               Carla P. Gomes},
  title     = {Theory and Applications of Satisfiability Testing - {SAT} 2006, 9th
               International Conference, Seattle, WA, USA, August 12-15, 2006, Proceedings},
  series    = {Lecture Notes in Computer Science},
  volume    = {4121},
  publisher = {Springer},
  year      = {2006},
  doi       = {10.1007/11814948},
  isbn      = {3-540-37206-7},
  timestamp = {Tue, 14 May 2019 10:00:41 +0200},
  biburl    = {https://dblp.org/rec/conf/sat/2006.bib},
  bibsource = {dblp computer science bibliography, https://dblp.org}
}
@article{DBLP:journals/ijar/ChaviraDJ06,
  author    = {Mark Chavira and
               Adnan Darwiche and
               Manfred Jaeger},
  title     = {Compiling relational {Bayesian} networks for exact inference},
  journal   = {Int. J. Approx. Reason.},
  volume    = {42},
  number    = {1-2},
  pages     = {4--20},
  year      = {2006},
  doi       = {10.1016/j.ijar.2005.10.001},
  timestamp = {Fri, 21 Feb 2020 13:12:28 +0100},
  biburl    = {https://dblp.org/rec/journals/ijar/ChaviraDJ06.bib},
  bibsource = {dblp computer science bibliography, https://dblp.org}
}
@article{DBLP:journals/japll/KimmigBR17,
  author    = {Angelika Kimmig and
               Guy {Van den Broeck} and
               Luc {De Raedt}},
  title     = {Algebraic model counting},
  journal   = {J. Appl. Log.},
  volume    = {22},
  pages     = {46--62},
  year      = {2017},
  doi       = {10.1016/j.jal.2016.11.031},
  timestamp = {Fri, 21 Feb 2020 13:12:58 +0100},
  biburl    = {https://dblp.org/rec/journals/japll/KimmigBR17.bib},
  bibsource = {dblp computer science bibliography, https://dblp.org}
}
@article{DBLP:journals/fmsd/BaharFGHMPS97,
  author    = {R. Iris Bahar and
               Erica A. Frohm and
               Charles M. Gaona and
               Gary D. Hachtel and
               Enrico Macii and
               Abelardo Pardo and
               Fabio Somenzi},
  title     = {Algebraic Decision Diagrams and Their Applications},
  journal   = {Formal Methods Syst. Des.},
  volume    = {10},
  number    = {2/3},
  pages     = {171--206},
  year      = {1997},
  doi       = {10.1023/A:1008699807402},
  timestamp = {Fri, 27 Mar 2020 08:37:15 +0100},
  biburl    = {https://dblp.org/rec/journals/fmsd/BaharFGHMPS97.bib},
  bibsource = {dblp computer science bibliography, https://dblp.org}
}
@inproceedings{DBLP:conf/ijcai/ChaviraD07,
  author    = {Mark Chavira and
               Adnan Darwiche},
  title     = {Compiling {Bayesian} Networks Using Variable Elimination},
  booktitle = {{IJCAI} 2007, Proceedings of the 20th International Joint Conference
               on Artificial Intelligence, Hyderabad, India, January 6-12, 2007},
  pages     = {2443--2449},
  year      = {2007},
  crossref  = {DBLP:conf/ijcai/2007},
  url       = {http://ijcai.org/Proceedings/07/Papers/393.pdf},
  timestamp = {Tue, 20 Aug 2019 16:18:58 +0200},
  biburl    = {https://dblp.org/rec/conf/ijcai/ChaviraD07.bib},
  bibsource = {dblp computer science bibliography, https://dblp.org}
}
@proceedings{DBLP:conf/ijcai/2007,
  editor    = {Manuela M. Veloso},
  title     = {{IJCAI} 2007, Proceedings of the 20th International Joint Conference
               on Artificial Intelligence, Hyderabad, India, January 6-12, 2007},
  year      = {2007},
  url       = {http://ijcai.org/proceedings/2007},
  timestamp = {Tue, 20 Aug 2019 16:17:11 +0200},
  biburl    = {https://dblp.org/rec/conf/ijcai/2007.bib},
  bibsource = {dblp computer science bibliography, https://dblp.org}
}
@inproceedings{DBLP:conf/icml/ZhaoMP15,
  author    = {Han Zhao and
               Mazen Melibari and
               Pascal Poupart},
  title     = {On the Relationship between Sum-Product Networks and {Bayesian} Networks},
  booktitle = {Proceedings of the 32nd International Conference on Machine Learning,
               {ICML} 2015, Lille, France, 6-11 July 2015},
  pages     = {116--124},
  year      = {2015},
  crossref  = {DBLP:conf/icml/2015},
  url       = {http://proceedings.mlr.press/v37/zhaoc15.html},
  timestamp = {Wed, 29 May 2019 08:41:45 +0200},
  biburl    = {https://dblp.org/rec/conf/icml/ZhaoMP15.bib},
  bibsource = {dblp computer science bibliography, https://dblp.org}
}
@proceedings{DBLP:conf/icml/2015,
  editor    = {Francis R. Bach and
               David M. Blei},
  title     = {Proceedings of the 32nd International Conference on Machine Learning,
               {ICML} 2015, Lille, France, 6-11 July 2015},
  series    = {{JMLR} Workshop and Conference Proceedings},
  volume    = {37},
  publisher = {JMLR.org},
  year      = {2015},
  url       = {http://proceedings.mlr.press/v37/},
  timestamp = {Wed, 29 May 2019 08:41:45 +0200},
  biburl    = {https://dblp.org/rec/conf/icml/2015.bib},
  bibsource = {dblp computer science bibliography, https://dblp.org}
}
@inproceedings{DBLP:conf/uai/HoeySHB99,
  author    = {Jesse Hoey and
               Robert St{-}Aubin and
               Alan J. Hu and
               Craig Boutilier},
  title     = {{SPUDD:} Stochastic Planning using Decision Diagrams},
  booktitle = {{UAI} '99: Proceedings of the Fifteenth Conference on Uncertainty
               in Artificial Intelligence, Stockholm, Sweden, July 30 - August 1,
               1999},
  pages     = {279--288},
  year      = {1999},
  crossref  = {DBLP:conf/uai/1999},
  url       = {https://dslpitt.org/uai/displayArticleDetails.jsp?mmnu=1&smnu=2&article_id=178&proceeding_id=15},
  timestamp = {Wed, 06 May 2015 15:02:55 +0200},
  biburl    = {https://dblp.org/rec/conf/uai/HoeySHB99.bib},
  bibsource = {dblp computer science bibliography, https://dblp.org}
}
@proceedings{DBLP:conf/uai/1999,
  editor    = {Kathryn B. Laskey and
               Henri Prade},
  title     = {{UAI} '99: Proceedings of the Fifteenth Conference on Uncertainty
               in Artificial Intelligence, Stockholm, Sweden, July 30 - August 1,
               1999},
  publisher = {Morgan Kaufmann},
  year      = {1999},
  isbn      = {1-55860-614-9},
  timestamp = {Thu, 15 Dec 2011 17:17:44 +0100},
  biburl    = {https://dblp.org/rec/conf/uai/1999.bib},
  bibsource = {dblp computer science bibliography, https://dblp.org}
}
@article{DBLP:journals/jancl/Darwiche01,
  author    = {Adnan Darwiche},
  title     = {On the Tractable Counting of Theory Models and its Application to
               Truth Maintenance and Belief Revision},
  journal   = {J. Appl. Non Class. Logics},
  volume    = {11},
  number    = {1-2},
  pages     = {11--34},
  year      = {2001},
  doi       = {10.3166/jancl.11.11-34},
  timestamp = {Sat, 25 Apr 2020 14:02:36 +0200},
  biburl    = {https://dblp.org/rec/journals/jancl/Darwiche01.bib},
  bibsource = {dblp computer science bibliography, https://dblp.org}
}
@inproceedings{DBLP:conf/uai/BoutilierFGK96,
  author    = {Craig Boutilier and
               Nir Friedman and
               Mois{\'{e}}s Goldszmidt and
               Daphne Koller},
  title     = {Context-Specific Independence in {Bayesian} Networks},
  booktitle = {{UAI} '96: Proceedings of the Twelfth Annual Conference on Uncertainty
               in Artificial Intelligence, Reed College, Portland, Oregon, USA, August
               1-4, 1996},
  pages     = {115--123},
  year      = {1996},
  crossref  = {DBLP:conf/uai/1996},
  url       = {https://dslpitt.org/uai/displayArticleDetails.jsp?mmnu=1&smnu=2&article_id=359&proceeding_id=12},
  timestamp = {Wed, 06 May 2015 15:02:56 +0200},
  biburl    = {https://dblp.org/rec/conf/uai/BoutilierFGK96.bib},
  bibsource = {dblp computer science bibliography, https://dblp.org}
}
@proceedings{DBLP:conf/uai/1996,
  editor    = {Eric Horvitz and
               Finn Verner Jensen},
  title     = {{UAI} '96: Proceedings of the Twelfth Annual Conference on Uncertainty
               in Artificial Intelligence, Reed College, Portland, Oregon, USA, August
               1-4, 1996},
  publisher = {Morgan Kaufmann},
  year      = {1996},
  isbn      = {1-55860-412-X},
  timestamp = {Thu, 15 Dec 2011 17:17:44 +0100},
  biburl    = {https://dblp.org/rec/conf/uai/1996.bib},
  bibsource = {dblp computer science bibliography, https://dblp.org}
}
@article{DBLP:journals/tplp/FierensBRSGTJR15,
  author    = {Daan Fierens and
               Guy {Van den Broeck} and
               Joris Renkens and
               Dimitar Sht. Shterionov and
               Bernd Gutmann and
               Ingo Thon and
               Gerda Janssens and
               Luc {De Raedt}},
  title     = {Inference and learning in probabilistic logic programs using weighted
               {Boolean} formulas},
  journal   = {Theory Pract. Log. Program.},
  volume    = {15},
  number    = {3},
  pages     = {358--401},
  year      = {2015},
  doi       = {10.1017/S1471068414000076},
  timestamp = {Thu, 13 Feb 2020 14:39:43 +0100},
  biburl    = {https://dblp.org/rec/journals/tplp/FierensBRSGTJR15.bib},
  bibsource = {dblp computer science bibliography, https://dblp.org}
}
@inproceedings{DBLP:conf/ijcai/KolbMSBK18,
  author    = {Samuel Kolb and
               Martin Mladenov and
               Scott Sanner and
               Vaishak Belle and
               Kristian Kersting},
  title     = {Efficient Symbolic Integration for Probabilistic Inference},
  booktitle = {Proceedings of the Twenty-Seventh International Joint Conference on
               Artificial Intelligence, {IJCAI} 2018, July 13-19, 2018, Stockholm,
               Sweden},
  pages     = {5031--5037},
  year      = {2018},
  crossref  = {DBLP:conf/ijcai/2018},
  doi       = {10.24963/ijcai.2018/698},
  timestamp = {Tue, 20 Aug 2019 16:19:08 +0200},
  biburl    = {https://dblp.org/rec/conf/ijcai/KolbMSBK18.bib},
  bibsource = {dblp computer science bibliography, https://dblp.org}
}
@proceedings{DBLP:conf/ijcai/2018,
  editor    = {J{\'{e}}r{\^{o}}me Lang},
  title     = {Proceedings of the Twenty-Seventh International Joint Conference on
               Artificial Intelligence, {IJCAI} 2018, July 13-19, 2018, Stockholm,
               Sweden},
  publisher = {ijcai.org},
  year      = {2018},
  url       = {http://www.ijcai.org/proceedings/2018/},
  isbn      = {978-0-9992411-2-7},
  timestamp = {Tue, 20 Aug 2019 16:19:08 +0200},
  biburl    = {https://dblp.org/rec/conf/ijcai/2018.bib},
  bibsource = {dblp computer science bibliography, https://dblp.org}
}
@article{DBLP:journals/ai/SannerB09,
  author    = {Scott Sanner and
               Craig Boutilier},
  title     = {Practical solution techniques for first-order {MDPs}},
  journal   = {Artif. Intell.},
  volume    = {173},
  number    = {5-6},
  pages     = {748--788},
  year      = {2009},
  doi       = {10.1016/j.artint.2008.11.003},
  timestamp = {Sat, 27 May 2017 14:24:42 +0200},
  biburl    = {https://dblp.org/rec/journals/ai/SannerB09.bib},
  bibsource = {dblp computer science bibliography, https://dblp.org}
}
@inproceedings{DBLP:conf/uai/SannerDB11,
  author    = {Scott Sanner and
               Karina Valdivia Delgado and
               Leliane Nunes de Barros},
  title     = {Symbolic Dynamic Programming for Discrete and Continuous State {MDPs}},
  booktitle = {{UAI} 2011, Proceedings of the Twenty-Seventh Conference on Uncertainty
               in Artificial Intelligence, Barcelona, Spain, July 14-17, 2011},
  pages     = {643--652},
  year      = {2011},
  crossref  = {DBLP:conf/uai/2011},
  url       = {https://dslpitt.org/uai/displayArticleDetails.jsp?mmnu=1&smnu=2&article_id=2223&proceeding_id=27},
  timestamp = {Wed, 06 May 2015 15:02:56 +0200},
  biburl    = {https://dblp.org/rec/conf/uai/SannerDB11.bib},
  bibsource = {dblp computer science bibliography, https://dblp.org}
}
@proceedings{DBLP:conf/uai/2011,
  editor    = {F{\'{a}}bio Gagliardi Cozman and
               Avi Pfeffer},
  title     = {{UAI} 2011, Proceedings of the Twenty-Seventh Conference on Uncertainty
               in Artificial Intelligence, Barcelona, Spain, July 14-17, 2011},
  publisher = {{AUAI} Press},
  year      = {2011},
  url       = {https://dslpitt.org/uai/displayArticles.jsp?mmnu=1&smnu=1&proceeding_id=27},
  isbn      = {978-0-9749039-7-2},
  timestamp = {Wed, 06 May 2015 15:02:56 +0200},
  biburl    = {https://dblp.org/rec/conf/uai/2011.bib},
  bibsource = {dblp computer science bibliography, https://dblp.org}
}
@inproceedings{DBLP:conf/ijcai/LagniezM17,
  author    = {Jean{-}Marie Lagniez and
               Pierre Marquis},
  title     = {An Improved Decision-DNNF Compiler},
  booktitle = {Proceedings of the Twenty-Sixth International Joint Conference on
               Artificial Intelligence, {IJCAI} 2017, Melbourne, Australia, August
               19-25, 2017},
  pages     = {667--673},
  year      = {2017},
  crossref  = {DBLP:conf/ijcai/2017},
  doi       = {10.24963/ijcai.2017/93},
  timestamp = {Tue, 20 Aug 2019 16:17:27 +0200},
  biburl    = {https://dblp.org/rec/conf/ijcai/LagniezM17.bib},
  bibsource = {dblp computer science bibliography, https://dblp.org}
}
@proceedings{DBLP:conf/ijcai/2017,
  editor    = {Carles Sierra},
  title     = {Proceedings of the Twenty-Sixth International Joint Conference on
               Artificial Intelligence, {IJCAI} 2017, Melbourne, Australia, August
               19-25, 2017},
  publisher = {ijcai.org},
  year      = {2017},
  url       = {http://www.ijcai.org/Proceedings/2017/},
  isbn      = {978-0-9992411-0-3},
  timestamp = {Tue, 20 Aug 2019 16:16:54 +0200},
  biburl    = {https://dblp.org/rec/conf/ijcai/2017.bib},
  bibsource = {dblp computer science bibliography, https://dblp.org}
}